@article{luc2011dobereiner,
    title={Models of Constructed Sound: Nonstandard Synthesis as an Aesthetic Perspective},
    author={Luc Doboreiner},
    journal={Computer Music Journal},
    volume={35},
    number={3},
    pages={28--39},
    year={2011},
    DOI={https://www.mitpressjournals.org/doi/pdf/10.1162/COMJ_a_00067}
}

@article{sergio2009,
    title={The Stochastic Synthesis of Iannis Xenakis},
    author={Sergio Luque},
    journal={Leonardo Music Journal},
    volume={19},
    pages={77--84},
    year={2009},
    DOI={http://www.leonardo.info/isast/journal/toclmj19.html}
}

@article{sergio2006,
    title={Stochastic Synthesis: Origins and Extensions},
    author={Sergio Luque},
    year={2006},
    DOI={www.sergioluque.com/texts/Luque-Stochastic_Synthesis-Origins_and_Extensions.pdf}
}

@article{hoffman2000,
    title={The New GENDYN Program},
    author={Peter Hoffmann},
    journal={Computer Music Journal},
    volume={24},
    number={2},
    pages={31--38},
    year={2000},
    DOI={https://www.jstor.org/stable/3681925}
}

@article{brown2005,
    title={Extending Dynamic Stochastic Synthesis},
    author={Andrew Brown},
    year={2005},
    month={01}
}

@article{lucICMC,
    title={PHINGEN: A Physically Informed Stochastic Synthesis Generator},
    author={Luc Dobereiner},
    journal={Proceedings of the International Computer Music Conference 2011},
    year={2011}
}

@book{xenakis1992,
    title={Formalized Music: Thought and Mathematics in Music},
    author={Iannis Xenakis},
    isbn={0945193246},
    year={1992},
    publisher={Pendragon Press}
}

@misc{vcvrack,
    author={Andrew Belt},
    title={VCV Rack},
    year={2016},
    howpublished = {\url{https://vcvrack.com}}
}

@misc{rackafx,
    author={Will Perkle},
    title={RackAFX},
    year={2017},
    howpublished = {\url{http://www.willpirkle.com/}}
}